@ARTICLE{som,
  author={T. {Kohonen}},
    journal={Proceedings of the IEEE}, 
      title={The self-organizing map}, 
        year={1990}
}

@article{AdlemanTSP,
author = {Adleman, Leonard M.},
title = {Molecular Computation of Solutions to Combinatorial Problems},
year = {1994},
issue_date = {Nov. 1994},
publisher = {American Association for the Advancement of Science},
address = {USA},
volume = {266},
number = {11},
issn = {0036-8075},
journal = {Science},
month = nov,
pages = {1021–1024},
numpages = {4}
}
@book{2007Kohonen,
  title={Kohonen Self-Organizing Map for the Traveling Salesperson Problem},
  author={ Brocki, Ukasz  and  Korinek, Danijel },
  publisher={Springer Berlin Heidelberg},
  year={2007},
}
@article{SimulatedAnnealing,
  title={Optimization by Simulated Annealing},
  author={Kirkpatrick, S. and Gelatt, C. D. and Vecchi, M. P.},
  journal={Science},
  volume={220},
}

@article{geneticTSP,
  author    = {K{\'{a}}roly F. P{\'{a}}l},
  title     = {Genetic algorithms for the traveling salesman problem based on a heuristic
               crossover operation},
  journal   = {Biological Cybernetics},
  volume    = {69},
  number    = {5-6},
  pages     = {539--546},
  year      = {1993},
  url       = {https://doi.org/10.1007/BF00199453},
  doi       = {10.1007/BF00199453},
  timestamp = {Sun, 28 May 2017 13:23:28 +0200},
  biburl    = {https://dblp.org/rec/journals/bc/Pal93.bib},
  bibsource = {dblp computer science bibliography, https://dblp.org}
}
@article{AntTSP,
  title={Ant colony system: a cooperative learning approach to the traveling salesman problem},
  author={ Dorigo, M.  and  Gambardella, L. M. },
  journal={IEEE Trans on Ec},
  volume={1},
  number={1},
  pages={53-66},
  year={1997},
}

@article{som-tsp,
  author    = {Bernard Ang{\'{e}}niol and
               Ga{\"{e}}l de La Croix Vaubois and
               Jean{-}Yves Le Texier},
  title     = {Self-organizing feature maps and the travelling salesman problem},
  journal   = {Neural Networks},
  volume    = {1},
  number    = {4},
  pages     = {289--293},
  year      = {1988},
  url       = {https://doi.org/10.1016/0893-6080(88)90002-0},
  doi       = {10.1016/0893-6080(88)90002-0},
  timestamp = {Sun, 28 May 2017 13:18:21 +0200},
  biburl    = {https://dblp.org/rec/journals/nn/AngeniolVT88.bib},
  bibsource = {dblp computer science bibliography, https://dblp.org}
}
@article{som-mtsp,
  author    = {Jan Faigl},
  title     = {An Application of Self-Organizing Map for Multirobot Multigoal Path
               Planning with Minmax Objective},
  journal   = {Comput. Intell. Neurosci.},
  volume    = {2016},
  pages     = {2720630:1--2720630:15},
  year      = {2016},
  url       = {https://doi.org/10.1155/2016/2720630},
  doi       = {10.1155/2016/2720630},
  timestamp = {Thu, 12 Mar 2020 15:56:55 +0100},
  biburl    = {https://dblp.org/rec/journals/cin/Faigl16.bib},
  bibsource = {dblp computer science bibliography, https://dblp.org}
}
@article{som-mtsp2,
title = {Competition-based neural network for the multiple travelling salesmen problem with minmax objective},
journal = {Computers and Operations Research},
year = {1999},
author = {Samerkae Somhom and Abdolhamid Modares and Takao Enkawa}
}

@article{ESOM,
title = "An expanding self-organizing neural network for the traveling salesman problem",
journal = "Neurocomputing",
year = "2004",
author = "Kwong-Sak Leung and Hui-Dong Jin and Zong-Ben Xu",
}

@article{SETSP,
author = {Vieira, Frederico Carvalho and Neto, Adrião Duarte Dória and Costa, José Alfredo Ferreira},
title = {An Efficient Approach to the Travelling Salesman Problem  Using Self-Organizing Maps},
journal = {International Journal of Neural Systems},
year = {2003}
}
@article{N2003A,
  title={A Kohonen-like decomposition method for the Euclidean traveling salesman problem-KNIES/spl I.bar/DECOMPOSE.},
  author={N and Aras and I and K and Altinel and J and Oommen},
  journal={IEEE Transactions on Neural Networks},
  year={2003},
}

@book{nnd2002,
  title={神经网络设计},
  author={ Hagan, Martin T.  and  Demuth, Howard B. },
  publisher={机械工业出版社},
  year={2002},
}

@Inbook{mtsp-genetic,
author="Kir{\'a}ly, Andr{\'a}s
and Abonyi, J{\'a}nos",
editor="Rudas, Imre J.
and Fodor, J{\'a}nos
and Kacprzyk, Janusz",
title="A Novel Approach to Solve Multiple Traveling Salesmen Problem by Genetic Algorithm",
bookTitle="Computational Intelligence in Engineering",
year="2010",
publisher="Springer Berlin Heidelberg",
address="Berlin, Heidelberg",
pages="141--151"
}



@article{surveymtsp,
  title={The multiple traveling salesman problem: an overview of formulations and solution procedures},
  author={ Bektas, Tolga },
  journal={Omega},
  volume={34},
  number={3},
  pages={209-219},
  year={2006},
}

@article{isom2008,
  title={基于泛化竞争和局部渗透机制的自组织网TSP问题求解方法},
  author={张军英 and 周斌},
  journal={计算机学报},
  number={2},
  pages={220-227},
  year={2008},
}
@article{Reinelt1991TSPLIB,
  title={TSPLIB-- A Traveling Salesman Problem Library.},
  author={Reinelt and Gerhard},
  journal={Orsa Journal on Computing},
  year={1991},
}